
@misc{bastani_deep_????,
	title = {Deep {Learning} {Sentiment} {Analysis} for {Movie} {Reviews} using {Neo}4j},
	url = {http://www.kennybastani.com/2014/09/deep-learning-sentiment-analysis-for.html},
	abstract = {This post introduces a feature selection algorithm and Neo4j extension that can select on the most relevant features extracted from a corpus of text and be used for high-performance sentiment analysis on movie reviews.},
	urldate = {2015-01-26},
	journal = {Kenny Bastani's Blog},
	author = {Bastani, Kenny}
}

@article{hand_idiots_2001,
	title = {Idiot's {Bayes}: {Not} {So} {Stupid} after {All}?},
	volume = {69},
	copyright = {Copyright © 2001 International Statistical Institute (ISI)},
	issn = {0306-7734},
	shorttitle = {Idiot's {Bayes}},
	url = {http://www.jstor.org/stable/1403452},
	doi = {10.2307/1403452},
	abstract = {Folklore has it that a very simple supervised classification rule, based on the typically false assumption that the predictor variables are independent, can be highly effective, and often more effective than sophisticated rules. We examine the evidence for this, both empirical, as observed in real data applications, and theoretical, summarising explanations for why this simple rule might be effective. /// La tradition veut qu'une règle très simple assumant l'independance des variables prédictives, une hypothèse fausse dans la plupart des cas, peut être très efficace, souvent même plus efficace qu'une méthode plus sophistiquée en ce qui concerne l'attribution de classes a un groupe d'objects. A ce sujet, nous examinons les preuves empiriques, observées sur des données réelles, et les preuves théoriques, c'est-a-dire les raisons pour lesquelles cette simple règle pourrait faciliter le processus de tri.},
	number = {3},
	urldate = {2015-04-22},
	journal = {International Statistical Review / Revue Internationale de Statistique},
	author = {Hand, David J. and Yu, Keming},
	month = dec,
	year = {2001},
	pages = {385--398}
}

@article{maas_learning_2011,
	title = {Learning {Word} {Vectors} for {Sentiment} {Analysis}},
	journal = {Association for Computation Linguistics},
	author = {Maas, Andrew and Daly, Raymond and Pham, Peter},
	year = {2011}
}

@inproceedings{mccallum_comparison_1998,
	title = {A comparison of event models for naive bayes text classification},
	volume = {752},
	url = {http://citeseerx.ist.psu.edu/viewdoc/download?doi=10.1.1.65.9324&rep=rep1&type=pdf},
	urldate = {2015-04-22},
	booktitle = {{AAAI}-98 workshop on learning for text categorization},
	publisher = {Citeseer},
	author = {McCallum, Andrew and Nigam, Kamal and {others}},
	year = {1998},
	pages = {41--48}
}

@book{bird_natural_2009,
	address = {Beijing ; Cambridge [Mass.]},
	edition = {1st ed},
	title = {Natural language processing with {Python}},
	isbn = {9780596516499 0596516495},
	abstract = {This is an introduction to natural language processing, which supports a variety of language technologies, from predictive text and email filtering to automatic summarization and translation},
	publisher = {O'Reilly},
	author = {Bird, Steven and Klein, Ewan and Loper, Edward},
	year = {2009},
	keywords = {Natural language processing (Computer science), Python {\textless}Programmiersprache{\textgreater}, Python (Computer program language), Sprachverarbeitung}
}